@Book{ggplot2,
  title = {{ggplot2}: Elegant Graphics for Data Analysis},
  author = {Wickham, Hadley},
  year = {2016},
  isbn = {978-3-319-24275-0},
  url = {https://ggplot2-book.org/},
}

@Paper{Genois2018,
author="G{\'e}nois, Mathieu
and Barrat, Alain",
title="Can co-location be used as a proxy for face-to-face contacts?",
journal="EPJ Data Science",
year="2018"
}

@Paper{zachary,
  title = {An Information Flow Model for Conflict and Fission in Small Groups},
  author = {Zachary, W. W.},
  year = {1977},
  journal = {Journal of Anthropological Research},
}

@Paper{paoletti,
  title = {Leonard Euler's Solution to the Konigsberg Bridge Problem},
  author = {Paoletti, Teo},
  year = {2006},
  journal = {Convergence},
  url = {https://www.maa.org/press/periodicals/convergence/leonard-eulers-solution-to-the-konigsberg-bridge-problem}
}

@Paper{holt-lunstad1,
  title = {Fostering Social Connection in the Workplace},
  author = {Holt-Lunstad, Julianne},
  year = {2018},
  journal = {American Journam of Health Promotion}
}

@Paper{holt-lunstad2,
  title = {Loneliness and social isolation as risk factors for mortality: a meta-analytic review},
  author = {Holt-Lunstad, J. and Smith, T.B. and Baker, M. and Harris, T. and Stephenson, D.},
  year = {2015},
  journal = {Perspect Psychol Sci J Assoc Psychol Sci.}
}

@Book{rath,
  title = {Vital Friends: The People You Canâ€™t Afford to Live Without},
  author = {Rath, Tom},
  year = {2006},
  isbn = {978-1-595-62007-1},
}

@Paper{olguin,
  title = {Sensible organizations: technology and methodology for automatically measuring organizational behavior},
  author = {Olguin, D. and Waber, B.N. and  Kim, T. and Mohan, A. and Ara, K. and Pentland, A.},
  year = {2009},
  journal = {IEEE Trans Syst Man Cybern}
}

@Paper{feld,
  title = {When Desegregation Reduces Interracial Contact: A Class Size Paradox for Weak Ties},
  author = {Scott L. Feld and William C. Carter},
  year = {1998},
  journal = {American Journal of Sociology}
}
